@online{statista2025cms,
	author = {{Statista GmbH}},
	title = {Nutzungsanteile der Content-Management-Systeme (CMS) weltweit im April 2025},
	year = {2025},
	url = {https://de.statista.com/statistik/daten/studie/320685/umfrage/nutzungsanteil-der-content-management-systeme-cms-weltweit/},
	urldate = {2025-07-20},
	note = {Statista Digital Market Outlook}
}
@article{patel2019review,
	author = {Tansen Patel and Sapna Mittal and Nirbhay Kumar Awadhiya},
	title = {A Review on Content Management Systems of Web Development},
	journal = {International Journal of Computer Science Trends and Technology},
	volume = {7},
	number = {2},
	pages = {101--104},
	year = {2019},
	month = {Mar-Apr},
	issn = {2347-8578},
	url = {https://www.ijcstjournal.org/volume-7/issue-2/IJCST-V7I2P22.pdf},
	urldate = {2025-07-20}
}
@online{wordpress2024requirements,
	author = {{WordPress Foundation}},
	title = {Requirements},
	year = {2024},
	url = {https://wordpress.org/about/requirements/},
	urldate = {2025-07-20},
	note = {WordPress.org Official Documentation}
}
@manual{wordpress2024plugin,
	author = {{WordPress Foundation}},
	title = {What is a Plugin?},
	year = {2024},
	url = {https://developer.wordpress.org/plugins/intro/what-is-a-plugin/},
	urldate = {2025-07-20},
	note = {WordPress Developer Documentation}
}
@manual{wordpress2024plugin_validation,
	author = {{WordPress Foundation}},
	title = {Validating Data},
	year = {2024},
	url = {https://developer.wordpress.org/apis/security/data-validation/},
	urldate = {2025-08-17},
	note = {WordPress Developer Documentation}
}
@manual{wordpress2024plugin_sanitizing,
	author = {{WordPress Foundation}},
	title = {Sanitizing Data},
	year = {2024},
	url = {https://developer.wordpress.org/apis/security/sanitizing/},
	urldate = {2025-08-17},
	note = {WordPress Developer Documentation}
}
@manual{wordpress2024plugin_blockeditor,
	author = {{WordPress Foundation}},
	title = {Block Editor Handbook},
	year = {2024},
	url = {https://developer.wordpress.org/block-editor/},
	urldate = {2025-08-19},
	note = {WordPress Developer Documentation}
}
@manual{wordpress2024BestPractices,
	author       = {{WordPress Developer Resources}},
	title        = {Plugin Best Practices – Folder Structure},
	year         = {n.d.},
	url          = {https://developer.wordpress.org/plugins/plugin-basics/best-practices/#folder-structure},
	note         = {Zugegriffen am 20. Juli 2025}
}
@online{WPHeaderReq,
    author       = {{WordPress Developer Resources}},
    title        = {Header Requirements – Plugin Handbook},
    year         = {n.d.},
    howpublished = {\url{https://developer.wordpress.org/plugins/plugin-basics/header-requirements/}},
    note         = {Zugriff am 22. August 2025},
}
@manual{wordpress2023,
    author    = {{WordPress Developer Resources}},
    title     = {File Structure of a Block},
    year      = {2023},
    url       = {https://developer.wordpress.org/block-editor/reference-guides/block-api/block-structure/},
    note      = {Zugegriffen: 19.08.2025}
}
@misc{gutenstats,
    author = {Gutenstats},
    title = {Gutenstats: Statistische Analyse des Gutenberg-Editors},
    year = {2025},
    url = {https://gutenstats.blog/}
}
@manual{wordpress2024EditorTemplates,
    title        = {Key Concepts – Templates},
    author       = {{WordPress Developer Resources}},
    organization = {WordPress Foundation},
    howpublished = {\url{https://developer.wordpress.org/block-editor/explanations/architecture/key-concepts/\#templates}},
    note         = {Zuletzt aktualisiert am 8. Juli 2025; Erstveröffentlicht am 9. März 2021},
    year         = {2025}
}
@inproceedings{deterding2011gamification,
    author={Deterding, Sebastian and Dixon, Dan and Khaled, Rilla and Nacke, Lennart},
    booktitle={Proceedings of the 15th International Academic MindTrek Conference: Envisioning Future Media Environments},
    title={From Game Design Elements to Gamefulness: Defining "Gamification"},
    year={2011},
    pages={9-15},
    doi={10.1145/2181037.2181040},
    address={Tampere, Finland},
    publisher={ACM}
}

@online{bpb2023gamification,
    author={{Bundeszentrale für politische Bildung}},
    title={Gamification: Grundbegriffe, Chancen und Risiken},
    year={2023},
    url={https://www.bpb.de/themen/kultur/digitale-spiele/504558/gamification-grundbegriffe-chancen-und-risiken/},
    urldate={2025-08-19},
    note={Online verfügbar}
}

@phdthesis{sailer2016gamification,
    author={Sailer, Michael},
    title={Die Wirkung von Gamification auf Motivation und Leistung: Empirische Studien im Kontext manueller Arbeitsprozesse},
    school={Ludwig-Maximilians-Universität München},
    year={2016},
    type={Dissertation}
}

@misc{european_commission2011csr,
    author={{Europäische Kommission}},
    title={Mitteilung der Kommission an das Europäische Parlament, den Rat, den Europäischen Wirtschafts- und Sozialausschuss und den Ausschuss der Regionen: Eine neue EU-Strategie (2011-14) für die soziale Verantwortung der Unternehmen (CSR)},
    year={2011},
    note={KOM(2011) 681 endgültig},
    address={Brüssel}
}
@article{golrang2021applying,
    author={Golrang, Hamed and Safari, Ehsan},
    journal={Entertainment Computing},
    title={Applying gamification design to a donation-based crowdfunding platform for improving user engagement},
    year={2021},
    volume={38},
    pages={Article 100227},
    publisher={Elsevier},
    doi={10.1016/j.entcom.2021.100227}
}
@techreport{bertelsmann2006gesellschaftliche,
    title={Die gesellschaftliche Verantwortung von Unternehmen},
    author={{Bertelsmann-Stiftung}},
    year={2006},
    institution={Bertelsmann-Stiftung},
    address={G\"{u}tersloh, Germany},
    url={https://www.bertelsmann-stiftung.de/fileadmin/files/BSt/Publikationen/GrauePublikationen/GP_Gesellschaftliche_Verantwortung_von_Unternehmen.pdf},
    note={[Online; accessed 20-Aug-2025]}
}
@misc{freepik_herzform,
    author       = {Freepik},
    title        = {Hände machen Herzform (Video)},
    howpublished = {Online},
    note         = {n.d.},
    url          = {https://de.freepik.com/gratis-video/haende-machen-herzform-cu_28749},
    urldate      = {2025-08-20}
}

@misc{unsplash_romansa_babyhand,
    author       = {Aditya Romansa},
    title        = {Person im roten Pullover hält Babyhand},
    howpublished = {Online},
    year         = {2016},
    url          = {https://unsplash.com/de/fotos/person-im-roten-pullover-halt-babyhand-Zyx1bK9mqmA},
    urldate      = {2025-08-20}
}
@misc{wordpresslogo,
    author       = {WordPress Foundation},
    title        = {WordPress Logo},
    year         = {2025},
    howpublished = {Online},
    note         = {Offizielle WordPress-Medienressourcen},
    url          = {https://wordpress.org/about/logos/},
    urldate      = {2025-08-20}
}
@misc{ngo_logos,
    author       = {{UNICEF} and {Deutsches Rotes Kreuz} and {WWF}},
    title        = {Offizielle Logos, verwendet in Abbildung 3.6},
    howpublished = {Eigene Darstellung, Logos © jeweilige Rechteinhaber},
    year         = {2025},
    note         = {Verwendet in Abbildung 3.6 der Arbeit}
}
@online{BMAS2022_CSRGrundlagen,
    author       = {{Bundesministerium für Arbeit und Soziales (BMAS)}},
    title        = {CSR-Grundlagen: Was ist Corporate Social Responsibility (CSR)?},
    year         = {2022},
    howpublished = {\url{https://www.csr-in-deutschland.de/DE/CSR-Allgemein/CSR-Grundlagen/csr-grundlagen.html}},
    note         = {Zugegriffen: 22.08.2025},
}